@ARTICLE{Weaver1977,
   author = {{Weaver}, R. and {McCray}, R. and {Castor}, J. and {Shapiro}, P. and 
    {Moore}, R.},
    title = "{Interstellar bubbles. II - Structure and evolution}",
  journal = {\apj},
 keywords = {INTERSTELLAR GAS, PLASMA INTERACTIONS, STELLAR WINDS, ADIABATIC FLOW, BUBBLES, CONDUCTIVE HEAT TRANSFER, EARLY STARS, ENERGY DISSIPATION, HYDRODYNAMICS, ION DENSITY (CONCENTRATION), RADIATIVE TRANSFER, STELLAR MOTIONS},
     year = 1977,
    month = dec,
   volume = 218,
    pages = {377-395},
      doi = {10.1086/155692},
   adsurl = {http://adsabs.harvard.edu/abs/1977ApJ...218..377W},
  adsnote = {Provided by the SAO/NASA Astrophysics Data System}
}

@ARTICLE{MacLow1988,
   author = {{Mac Low}, M.-M. and {McCray}, R.},
    title = "{Superbubbles in disk galaxies}",
  journal = {\apj},
 keywords = {DISK GALAXIES, INTERSTELLAR GAS, STAR CLUSTERS, SUPERNOVA REMNANTS, SUPERNOVAE, B STARS, GALACTIC STRUCTURE, LUMINOSITY, O STARS},
     year = 1988,
    month = jan,
   volume = 324,
    pages = {776-785},
      doi = {10.1086/165936},
   adsurl = {http://adsabs.harvard.edu/abs/1988ApJ...324..776M},
  adsnote = {Provided by the SAO/NASA Astrophysics Data System}
}

@ARTICLE{Orr2022,
       author = {{Orr}, Matthew E. and {Fielding}, Drummond B. and {Hayward}, Christopher C. and {Burkhart}, Blakesley},
        title = "{Bursting Bubbles: Feedback from Clustered Supernovae and the Trade-off Between Turbulence and Outflows}",
      journal = {\apj},
     keywords = {Supernova remnants, Superbubbles, Star formation, Interstellar medium, Galaxy evolution, Stellar feedback, 1667, 1656, 1569, 847, 594, 1602, Astrophysics - Astrophysics of Galaxies},
         year = 2022,
        month = jun,
       volume = {932},
       number = {2},
          eid = {88},
        pages = {88},
          doi = {10.3847/1538-4357/ac6c26},
archivePrefix = {arXiv},
       eprint = {2109.14656},
 primaryClass = {astro-ph.GA},
       adsurl = {https://ui.adsabs.harvard.edu/abs/2022ApJ...932...88O},
      adsnote = {Provided by the SAO/NASA Astrophysics Data System}
}

